@Misc{sas,
    title = {{Analytics, Business Intelligence and Data Management}},
    howpublished = "https://www.sas.com/en\_gb/home.html",
    author={SAS},
    note="Last accessed: 4th March 2017"
}

@Misc{sasvi,
    title = {{Intelligence Analytics | SAS Visual Investigator}},
    howpublished = "https://www.sas.com/en\_gb/software/intelligence-analytics-visual-investigator.html",
    author={SAS},
    note="Last accessed: 4th March 2017"
}

@article{chen2005top,
  title={Top 10 unsolved information visualization problems},
  author={Chen, Chaomei},
  journal={IEEE computer graphics and applications},
  volume={25},
  number={4},
  pages={12--16},
  year={2005},
  publisher={IEEE}
}
// link=http://ieeexplore.ieee.org/document/1463074/#full-text-section
// text="A prolonged lack of low-cost, ready-to-use, and reconfigurable information visualization systems" will have an adverse impact on cultivating the critical user population.
// TODO:not_used text="The lack of quantifiable measures of quality and bench marks, however, will undermine information visualization advances, especially their evaluation and selection."

@article{csardi2006igraph,
  title={The igraph software package for complex network research},
  author={Csardi, Gabor and Nepusz, Tamas},
  journal={InterJournal, Complex Systems},
  volume={1695},
  number={5},
  pages={1--9},
  year={2006}
}
// link=http://www.necsi.edu/events/iccs6/papers/c1602a3c126ba822d0bc4293371c.pdf
// text="lack of network analysis software which (1) can handle large graphs efficiently, (2) can be embedded into a higher level program or programming language (like Python, Perl or GNU R)"

@Misc{sasdv,
    title = {{SAS Data Visualisation}},
    author={SAS},
    howpublished = "http://www.sas.com/en\_us/insights/big-data/data-visualization.html",
    note="Last accessed: 4th March 2017"
}
// text="the presentation of data in a pictorial or graphical format [which] enables decision makers to see analytics presented visually, so they can grasp difficult concepts or identify new patterns."

@article{theus2002interactive,
  title={Interactive data visualization using Mondrian},
  author={Theus, Martin and others},
  journal={Journal of Statistical Software},
  volume={7},
  number={11},
  pages={1--9},
  year={2002},
  publisher={American Statistical Association}
}
// link=https://core.ac.uk/download/pdf/6305034.pdf
// text="Interactive statistical data visualization is a powerful tool which reaches beyond the limits of static graphs"

@Misc{flowingdata,
    title = {{Why network visualization is useful}},
    author={Nathan Yau},
    howpublished = "https://flowingdata.com/2010/11/17/why-network-visualization-is-useful/",
    note="Last accessed: 4th March 2017"
}
// text="identify nodes with the most links, nodes straddling different subgroups, and nodes isolated by their lack of connections"

@article{batagelj1998pajek,
  title={Pajek-program for large network analysis},
  author={Batagelj, Vladimir and Mrvar, Andrej},
  journal={Connections},
  volume={21},
  number={2},
  pages={47--57},
  year={1998}
}

@book{abello2013handbook,
  title={Handbook of massive data sets},
  author={Abello, James and Pardalos, Panos M and Resende, Mauricio GC},
  volume={4},
  year={2013},
  publisher={Springer},
  page={360}
}
// link=https://books.google.co.uk/books?hl=en&lr=&id=NfcGCAAAQBAJ&oi=fnd&pg=PA3&dq=Handbook+of+massive+data+sets&ots=9mY8JuUyo0&sig=iMVL3dJIYdOQckxtG65VDNcK9D8#v=onepage
// text="data sets are often too massive to fit completely inside the computer's internal memory"

@article{hashem2015rise,
  title={The rise of “big data” on cloud computing: Review and open research issues},
  author={Hashem, Ibrahim Abaker Targio and Yaqoob, Ibrar and Anuar, Nor Badrul and Mokhtar, Salimah and Gani, Abdullah and Khan, Samee Ullah},
  journal={Information Systems},
  volume={47},
  pages={98--115},
  year={2015},
  publisher={Elsevier}
}

@inproceedings{li2015modulgraph,
  title={ModulGraph: modularity-based visualization of massive graphs},
  author={Li, Chenhui and Baciu, George and Wang, Yunzhe},
  booktitle={SIGGRAPH Asia 2015 Visualization in High Performance Computing},
  pages={11},
  year={2015},
  organization={ACM}
}
// link=https://dl.acm.org/citation.cfm?id=2818542
// text="This particular example display the comparison between the common graph visualization and ModulGraph-based graph visualization."

@article{hu2015visualizing,
  title={Visualizing large graphs},
  author={Hu, Yifan and Shi, Lei},
  journal={Wiley Interdisciplinary Reviews: Computational Statistics},
  volume={7},
  number={2},
  pages={115--136},
  year={2015},
  publisher={Wiley Online Library}
}
// link=http://onlinelibrary.wiley.com/doi/10.1002/wics.1343/full

@inproceedings{tominski2006fisheye,
  title={Fisheye tree views and lenses for graph visualization},
  author={Tominski, Christian and Abello, James and Van Ham, Frank and Schumann, Heidrun},
  booktitle={Information Visualization, 2006. IV 2006. Tenth International Conference on},
  pages={17--24},
  year={2006},
  organization={IEEE}
}
// link=http://ieeexplore.ieee.org/abstract/document/1648236/

@inproceedings{hurter2012graph,
  title={Graph bundling by kernel density estimation},
  author={Hurter, Christophe and Ersoy, Ozan and Telea, Alexandru},
  booktitle={Computer Graphics Forum},
  volume={31},
  pages={865--874},
  year={2012},
  organization={Wiley Online Library}
}
// link="http://onlinelibrary.wiley.com/doi/10.1111/j.1467-8659.2012.03079.x/full"

@incollection{six2003effective,
  title={Effective graph visualization via node grouping},
  author={Six, Janet M and Tollis, Ioannis G},
  booktitle={Software Visualization},
  pages={413--437},
  year={2003},
  publisher={Springer}
}
//link=http://link.springer.com/chapter/10.1007/978-1-4615-0457-3_14

@Misc{guess,
    title = {{GUESS - The Graph Exploration System}},
    howpublished = "http://graphexploration.cond.org/",
    author={GUESS},
    note="Last accessed: 4th March 2017"
}

@Misc{snap,
    title = {{Snap.py - SNAP for Python}},
    howpublished = "https://snap.stanford.edu/snappy/",
    author={SNAP},
    note="Last accessed: 4th March 2017"
}

@Misc{gephi,
    title = {{Gephi - The Open Graph Viz Platform}},
    howpublished = "https://gephi.org/",
    author={Gephi},
    note="Last accessed: 4th March 2017"
}

@Misc{graphviz,
    title = {{Graphviz - Graph Visualization Software}},
    howpublished = "http://www.graphviz.org/",
    author={GraphViz},
    note="Last accessed: 4th March 2017"
}

@Misc{tulip,
    title = {{Tulip - Data Visualization Software}},
    howpublished = "http://tulip.labri.fr/TulipDrupal/",
    author={Tulip},
    note="Last accessed: 4th March 2017"
}

@Misc{d3,
    title = {{D3 - Data-Driven Documents}},
    howpublished = "https://d3js.org/",
    author={D3.js}
}

@Misc{vis,
    title = {{vis.js - A dynamic, browser based visualization library.}},
    howpublished = "http://visjs.org/",
    author={Vis.js}
}

@Misc{tuliptlp,
    title = {{Tulip software graph format (TLP)}},
    howpublished = "http://tulip.labri.fr/TulipDrupal/?q=tlp-file-format",
    author={Tulip},
    note="Last accessed: 4th March 2017"
}

@Misc{tulipcppapi,
    title = {{Welcome to Tulip's documentation.}},
    howpublished = "http://tulip.labri.fr/Documentation/current/doxygen/html",
    author={Tulip},
    note="Last accessed: 4th March 2017"
}

@Misc{tulippyapi,
    title = {{Welcome to Tulip Python documentation!}},
    howpublished = "http://tulip.labri.fr/Documentation/current/tulip-python/html/index.html",
    author={Tulip},
    note="Last accessed: 4th March 2017"
}

@Misc{tulipfirefox,
    title = {{Tulip vs Firefox Dataset}},
    howpublished = "http://tulip.labri.fr/TulipDrupal/?q=node/1021",
    author={Tulip},
    note="Last accessed: 7th March 2017"
}

@book{zelle2004python,
  title={Python programming: an introduction to computer science},
  author={Zelle, John M},
  year={2004},
  publisher={Franklin, Beedle \& Associates, Inc.},
  page=x
}
// link=https://books.google.co.uk/books?hl=en&lr=&id=aJQILlLxRmAC&oi=fnd&pg=PR9&dq=very+flexible+python+programming&ots=CAbNCBPb2J&sig=3hRTtMNgAhTcJXQoUcSPmOpDDrc#v=onepage
// text="Python is very flexible and makes experimentation easy"

@Misc{django,
    title = {{The web framework for perfectionists with deadlines.}},
    howpublished = "https://www.djangoproject.com/",
    author={Django},
    note="Last accessed: 5th March 2017"
}

@book{forcier2008python,
  title={Python web development with Django},
  author={Forcier, Jeff and Bissex, Paul and Chun, Wesley J},
  year={2008},
  publisher={Addison-Wesley Professional}
}

@Misc{amazons3,
    title = {{Simple Storage Service}},
    howpublished = "https://aws.amazon.com/s3/",
    author={Amazon},
    note="Last accessed: 5th March 2017"
}

@Misc{msftazure,
    title = {{Azure Storage, Secure Cloud Storage | Microsoft Azure}},
    howpublished = "https://azure.microsoft.com/en-gb/services/storage/",
    author={Microsoft},
    note="Last accessed: 7th March 2017"
}

@Misc{hadoop,
    title = {{Welcome to Apache Hadoop!}},
    howpublished = "https://hadoop.apache.org/",
    author={Apache},
    note="Last accessed: 7th March 2017"
}

@Misc{moscowreq,
    title = {{MoSCoW Prioritisation}},
    howpublished = "https://www.agilebusiness.org/content/moscow-prioritisation-0",
    author={Agile Business Consortium},
    note="Last accessed: 5th March 2017"
}

@Misc{pip,
    title = {{pip 9.0.1 : Python Package Index}},
    howpublished = "https://pypi.python.org/pypi/pip",
    author={Python Software Foundation},
    note="Last accessed: 5th March 2017"
}

@Misc{tulippip,
    title = {{tulip-python 4.10.0}},
    howpublished = "https://pypi.python.org/pypi/tulip-python",
    author={Python Software Foundation},
    note="Last accessed: 5th March 2017"
}

@article{kamada1989algorithm,
  title={An algorithm for drawing general undirected graphs},
  author={Kamada, Tomihisa and Kawai, Satoru},
  journal={Information processing letters},
  volume={31},
  number={1},
  pages={7--15},
  year={1989},
  publisher={Elsevier}
}

@Misc{visjsoptions,
    title = {{Network decumentation}},
    howpublished = "http://visjs.org/docs/network/\#options",
    author={Vis.js},
    note="Last accessed: 7th March 2017"
}

@Misc{visjslayout,
    title = {{Layout decumentation}},
    howpublished = "http://visjs.org/docs/network/layout.html",
    author={Vis.js},
    note="Last accessed: 7th March 2017"
}

@Misc{visjsphysics,
    title = {{Physics decumentation}},
    howpublished = "http://visjs.org/docs/network/physics.html",
    author={Vis.js},
    note="Last accessed: 7th March 2017"
}

@article{barnes1986hierarchical,
  title={A hierarchical O (N log N) force-calculation algorithm},
  author={Barnes, Josh and Hut, Piet},
  journal={nature},
  volume={324},
  number={6096},
  pages={446--449},
  year={1986}
}

@article{jacomy2014forceatlas2,
  title={ForceAtlas2, a continuous graph layout algorithm for handy network visualization designed for the Gephi software},
  author={Jacomy, Mathieu and Venturini, Tommaso and Heymann, Sebastien and Bastian, Mathieu},
  journal={PloS one},
  volume={9},
  number={6},
  pages={e98679},
  year={2014},
  publisher={Public Library of Science}
}

@inproceedings{brandes2003experiments,
  title={Experiments on graph clustering algorithms},
  author={Brandes, Ulrik and Gaertler, Marco and Wagner, Dorothea},
  booktitle={European Symposium on Algorithms},
  pages={568--579},
  year={2003},
  organization={Springer}
}

@Misc{tulip-clustering-coeff-doc,
    title = {{tulip module API - Tulip Python 4.10.0 docs}},
    howpublished = "http://tulip.labri.fr/Documentation/current/tulip-python/html/tulipreference.html\#tulip.tlp.clusteringCoefficient",
    author={Tulip},
    note="Last accessed: 17th March 2017"
}

@article{runeson2006survey,
  title={A survey of unit testing practices},
  author={Runeson, Per},
  journal={IEEE software},
  volume={23},
  number={4},
  pages={22--29},
  year={2006},
  publisher={IEEE}
}

@article{basanieri2000practical,
  title={A practical approach to UML-based derivation of integration tests},
  author={Basanieri, Francesca and Bertolino, Antonia},
  journal={4th International Quality Week Europe},
  year={2000}
}

@Misc{django-docs-templates,
    title = {{Templates | Django Documentation}},
    howpublished = "https://docs.djangoproject.com/en/1.10/topics/templates/",
    author={Django},
    note="Last accessed: 19th March 2017"
}

@Misc{bootstrap,
    title = {{Bootstrap - The world's most popular mobile-first and responsive front-end framework.}},
    howpublished = "https://getbootstrap.com/",
    author={Bootstrap},
    note="Last accessed: 19th March 2017"
}

@Misc{jquery,
    title = {{jQuery}},
    howpublished = "https://jquery.com/",
    author={jQuery},
    note="Last accessed: 19th March 2017"
}

@Misc{jquery-ajax,
    title = {{jQuery.ajax()}},
    howpublished = "https://api.jquery.com/jquery.ajax/",
    author={jQuery},
    note="Last accessed: 19th March 2017"
}

@article{anderson2012subgroup,
  title={The subgroup graph of a group},
  author={Anderson, David F and Fasteen, Jodi and LaGrange, John D},
  journal={Arabian Journal of Mathematics},
  volume={1},
  number={1},
  pages={17--27},
  year={2012},
  publisher={Springer}
}

@book{scott2012group,
  title={Group theory},
  author={Scott, William Raymond},
  year={2012},
  publisher={Courier Corporation}
}

@article{baker1994approximation,
  title={Approximation algorithms for NP-complete problems on planar graphs},
  author={Baker, Brenda S},
  journal={Journal of the ACM (JACM)},
  volume={41},
  number={1},
  pages={153--180},
  year={1994},
  publisher={ACM}
}

@inproceedings{herhut2012parallel,
  title={Parallel Programming for the Web.},
  author={Herhut, Stephan and Hudson, Richard L and Shpeisman, Tatiana and Sreeram, Jaswanth},
  booktitle={HotPar},
  year={2012}
}

@inproceedings{gansner2011multilevel,
  title={Multilevel agglomerative edge bundling for visualizing large graphs},
  author={Gansner, Emden R and Hu, Yifan and North, Stephen and Scheidegger, Carlos},
  booktitle={Pacific Visualization Symposium (PacificVis), 2011 IEEE},
  pages={187--194},
  year={2011},
  organization={IEEE}
}

@article{roberts1971characterization,
  title={A characterization of clique graphs},
  author={Roberts, Fred S and Spencer, Joel H},
  journal={Journal of Combinatorial Theory, Series B},
  volume={10},
  number={2},
  pages={102--108},
  year={1971},
  publisher={Elsevier}
}

@article{fruchterman1991graph,
  title={Graph drawing by force-directed placement},
  author={Fruchterman, Thomas MJ and Reingold, Edward M},
  journal={Software: Practice and experience},
  volume={21},
  number={11},
  pages={1129--1164},
  year={1991},
  publisher={Wiley Online Library}
}

@techreport{beckman1994theory,
  title={Theory of spectral graph layout},
  author={Beckman, Brian},
  year={1994},
  institution={Technical Report MSR-TR-94-04, Microsoft Research}
}

@book{didimo2013graph,
  title={Graph Drawing: 20th International Symposium, GD 2012, Redmond, WA, USA, September 19-21, 2012, Revised Selected Papers},
  author={Didimo, Walter and Patrignani, Maurizio},
  volume={7704},
  year={2013},
  publisher={Springer}
}

@inproceedings{ellson2001graphviz,
  title={Graphviz—open source graph drawing tools},
  author={Ellson, John and Gansner, Emden and Koutsofios, Lefteris and North, Stephen C and Woodhull, Gordon},
  booktitle={International Symposium on Graph Drawing},
  pages={483--484},
  year={2001},
  organization={Springer}
}

@book{masse2011rest,
  title={REST API Design Rulebook: Designing Consistent RESTful Web Service Interfaces},
  author={Masse, Mark},
  year={2011},
  publisher={O'Reilly Media, Inc.}
}